<record><leader>00000cas a22000007a 4500</leader><controlfield tag="001">13048799</controlfield><controlfield tag="008">860122d18691884ohuwr ne      0    0eng d</controlfield><datafield ind1=" " ind2=" " tag="010"><subfield code="a">sn 86079033 </subfield></datafield><datafield ind1=" " ind2=" " tag="040"><subfield code="a">NPU</subfield><subfield code="b">eng</subfield><subfield code="c">NPU</subfield><subfield code="d">OCLCQ</subfield></datafield><datafield ind1=" " ind2=" " tag="042"><subfield code="a">msc</subfield></datafield><datafield ind1="0" ind2=" " tag="130"><subfield code="a">New Richmond independent (New Richmond, Ohio : 1869)</subfield></datafield><datafield ind1="1" ind2="0" tag="245"><subfield code="a">New Richmond independent.</subfield></datafield><datafield ind1="1" ind2="3" tag="246"><subfield code="a">Independent</subfield></datafield><datafield ind1=" " ind2=" " tag="260"><subfield code="a">New Richmond, Ohio :</subfield><subfield code="b">D.S. Croshaw</subfield></datafield><datafield ind1=" " ind2=" " tag="300"><subfield code="a">v. :</subfield><subfield code="b">ill. (chiefly advertisements) ;</subfield><subfield code="c">56 cm.</subfield></datafield><datafield ind1=" " ind2=" " tag="321"><subfield code="a">Weekly</subfield></datafield><datafield ind1="1" ind2=" " tag="362"><subfield code="a">Began in 1869; ceased in 1884?</subfield><subfield code="z">Cf. Gutgesell, S. Guide to Ohio newspapers, 1974.</subfield></datafield><datafield ind1=" " ind2=" " tag="500"><subfield code="a">Independent. Cf. Rowell, 1873.</subfield></datafield><datafield ind1=" " ind2=" " tag="500"><subfield code="a">Published on Friday.</subfield></datafield><datafield ind1=" " ind2=" " tag="588"><subfield code="a">Description based on: No. 197 (Jan. 24, 1873).</subfield></datafield><datafield ind1=" " ind2=" " tag="752"><subfield code="a">United States</subfield><subfield code="b">Ohio</subfield><subfield code="d">New Richmond.</subfield></datafield><datafield ind1="0" ind2="0" tag="785"><subfield code="t">Clermont independent</subfield><subfield code="w">(DLC)sn 85042600</subfield></datafield><datafield ind1="1" ind2=" " tag="029"><subfield code="a">AU@</subfield><subfield code="b">000025810221</subfield></datafield></record>